@inproceedings{capstone_facebook,
 author = {Mourtzoukos, Konstantinos and Christou, Ioannis T.},
 title = {Experiences Running a Prototype Location-aware Mobile Social Networking System},
 booktitle = {Proceedings of the 8th International Conference on Advances in Mobile Computing and Multimedia},
 series = {MoMM '10},
 year = {2010},
 isbn = {978-1-4503-0440-5},
 location = {Paris, France},
 pages = {362--365},
 numpages = {4},
 url = {http://doi.acm.org/10.1145/1971519.1971579},
 doi = {10.1145/1971519.1971579},
 acmid = {1971579},
 publisher = {ACM},
 address = {New York, NY, USA},
 keywords = {location-based services, mobile social networking, social computing},
}

@inproceedings{gps_alternatives,
 author = {Zhuang, Zhenyun and Kim, Kyu-Han and Singh, Jatinder Pal},
 title = {Improving Energy Efficiency of Location Sensing on Smartphones},
 booktitle = {Proceedings of the 8th International Conference on Mobile Systems, Applications, and Services},
 series = {MobiSys '10},
 year = {2010},
 isbn = {978-1-60558-985-5},
 location = {San Francisco, California, USA},
 pages = {315--330},
 numpages = {16},
 url = {http://doi.acm.org/10.1145/1814433.1814464},
 doi = {10.1145/1814433.1814464},
 acmid = {1814464},
 publisher = {ACM},
 address = {New York, NY, USA},
 keywords = {energy efficiency, location sensing, location-based applications, smartphone},
}


@inproceedings{conserve_gps,
 author = {Narzt, Wolfgang},
 title = {A Generic Context-Based Architecture for Energy-Efficient Localization on Mobile Devices},
 booktitle = {Proceedings of International Conference on Advances in Mobile Computing \&\#38; Multimedia},
 series = {MoMM '13},
 year = {2013},
 isbn = {978-1-4503-2106-8},
 location = {Vienna, Austria},
 pages = {33:33--33:42},
 articleno = {33},
 numpages = {10},
 url = {http://doi.acm.org/10.1145/2536853.2536872},
 doi = {10.1145/2536853.2536872},
 acmid = {2536872},
 publisher = {ACM},
 address = {New York, NY, USA},
 keywords = {Android, Context, Energy-Efficient Localization, Location-Based Services, Mobile Devices, Spotnick, iOS},
}

@misc{android_stats,
    key = {\url{https://developer.android.com/about/dashboards/index.html?utm_source=ausdroid.net}},
    title = {Android Developers Dashboards},
    howpublished = {Web},
    year = {2014},
    note = {\url{https://developer.android.com/about/dashboards/index.html?utm_source=ausdroid.net} Accessed: 2014-09-05},
    publisher = "Google"
}


@misc{calendar,
    key = {\url{https://developer.android.com/reference/java/util/Calendar.html}},
    title = {Android Calendar},
    howpublished = {Web},
    year = {2015},
    note = {\url{https://developer.android.com/reference/java/util/Calendar.html} Accessed: 2015-01-18},
    publisher = "Google"
}

@misc{googlemaps,
    key = {\url{https://developer.android.com/maps/documentation/android}},
    title = {Google Maps API v2},
    howpublished = {Web},
    year = {2015},
    note = {\url{https://developer.android.com/maps/documentation/android} Accessed: 2015-01-18},
    publisher = "Google"
}

@inproceedings{location,
 author = {Vergara, Ekhiotz Jon and Prihodko, Mihails and Nadjm-Tehrani, Simin},
 title = {Mobile Location Sharing: An Energy Consumption Study},
 booktitle = {Proceedings of the Fourth International Conference on Future Energy Systems},
 series = {e-Energy '13},
 year = {2013},
 isbn = {978-1-4503-2052-8},
 location = {Berkeley, California, USA},
 pages = {289--290},
 numpages = {2},
 url = {http://doi.acm.org/10.1145/2487166.2487211},
 doi = {10.1145/2487166.2487211},
 acmid = {2487211},
 publisher = {ACM},
 address = {New York, NY, USA},
 keywords = {3G, HTTP, MQTT, UMTS, android, energy consumption, location based services, mobile devices, transmission energy},
} 

@misc{androidtest,
    key = {\url{https://developer.android.com/reference/junit/framework/TestSuite.html}},
    title = {Android TestSuite},
    howpublished = {Web},
    year = {2015},
    note = {\url{https://developer.android.com/reference/junit/framework/TestSuite.html} Accessed: 2015-01-18},
    publisher = "JUnit"
}

@misc{junit,
    key = {\url{http://JUnit.org}},
    title = {JUnit},
    howpublished = {Web},
    year = {2015},
    note = {\url{JUnit.org} Accessed: 2015-01-18},
    publisher = "JUnit"
}

@misc{yikyak,
    key = {\url{http://yikyakapp.com}},
    title = {YikYak},
    howpublished = {Web},
    year = {2015},
    note = {\url{http://yikyakapp.com} Accessed: 2015-01-18},
    publisher = "JUnit"
}


