@inproceedings{capstone_facebook,
 author = {Mourtzoukos, Konstantinos and Christou, Ioannis T.},
 title = {Experiences Running a Prototype Location-aware Mobile Social Networking System},
 booktitle = {Proceedings of the 8th International Conference on Advances in Mobile Computing and Multimedia},
 series = {MoMM '10},
 year = {2010},
 isbn = {978-1-4503-0440-5},
 location = {Paris, France},
 pages = {362--365},
 numpages = {4},
 url = {http://doi.acm.org/10.1145/1971519.1971579},
 doi = {10.1145/1971519.1971579},
 acmid = {1971579},
 publisher = {ACM},
 address = {New York, NY, USA},
 keywords = {location-based services, mobile social networking, social computing},
}

@inproceedings{gps_alternatives,
 author = {Zhuang, Zhenyun and Kim, Kyu-Han and Singh, Jatinder Pal},
 title = {Improving Energy Efficiency of Location Sensing on Smartphones},
 booktitle = {Proceedings of the 8th International Conference on Mobile Systems, Applications, and Services},
 series = {MobiSys '10},
 year = {2010},
 isbn = {978-1-60558-985-5},
 location = {San Francisco, California, USA},
 pages = {315--330},
 numpages = {16},
 url = {http://doi.acm.org/10.1145/1814433.1814464},
 doi = {10.1145/1814433.1814464},
 acmid = {1814464},
 publisher = {ACM},
 address = {New York, NY, USA},
 keywords = {energy efficiency, location sensing, location-based applications, smartphone},
}


@inproceedings{conserve_gps,
 author = {Narzt, Wolfgang},
 title = {A Generic Context-Based Architecture for Energy-Efficient Localization on Mobile Devices},
 booktitle = {Proceedings of International Conference on Advances in Mobile Computing \&\#38; Multimedia},
 series = {MoMM '13},
 year = {2013},
 isbn = {978-1-4503-2106-8},
 location = {Vienna, Austria},
 pages = {33:33--33:42},
 articleno = {33},
 numpages = {10},
 url = {http://doi.acm.org/10.1145/2536853.2536872},
 doi = {10.1145/2536853.2536872},
 acmid = {2536872},
 publisher = {ACM},
 address = {New York, NY, USA},
 keywords = {Android, Context, Energy-Efficient Localization, Location-Based Services, Mobile Devices, Spotnick, iOS},
}

@misc{android_stats,
    key = {\url{https://developer.android.com/about/dashboards/index.html?utm_source=ausdroid.net}},
    title = {Android Developers Dashboards},
    howpublished = {Web},
    year = {2014},
    note = {\url{https://developer.android.com/about/dashboards/index.html?utm_source=ausdroid.net} Accessed: 2014-09-05},
    publisher = "Google"
}
